@misc{Google:2014:Power,
  author = {Google},
  title = {Power Profiles for Android},
  month = feb,
  year = {2014},
  url = {http://source.android.com/devices/tech/power.html}
}
@misc{OpenCL,
  author = {Khronos},
  title = {Khronos OpenCL 2.0 Specification},
  month = feb,
  year = {2014},
  url = {https://www.khronos.org/opencl/}
}
@misc{apkudo,
  author = {Apkudo},
  title = {APKUDO for Developers},
  month = feb,
  year = {2014},
  url = {https://www.apkudo.com/developers.html}
}

