@misc{Google:2014:Power,
  author = {Google},
  title = {Power Profiles for Android},
  month = Feb,
  year = {2014},
  url = {http://source.android.com/devices/tech/power.html}
}

@misc{OpenCL,
  author = {Khronos},
  title = {Khronos OpenCL 2.0 Specification},
  month = Feb,
  year = {2014},
  url = {https://www.khronos.org/opencl/}
}

@misc{Renderscript,
  author = {Google},
  title = {Renderscript},
  month = Feb,
  year = {2014},
  url = {http://developer.android.com/guide/topics/renderscript}
}


@misc{apkudo,
  author = {Apkudo},
  title = {APKUDO for Developers},
  month = Feb,
  year = {2014},
  url = {https://www.apkudo.com/developers.html}
}

@inproceedings{yang2012o2render,
  title={O2render: An OpenCL-to-Renderscript translator for porting across various GPUs or CPUs},
  author={Yang, Cheng-yan and Wu, Yi-jui and Liao, Steven},
  booktitle={Embedded Systems for Real-time Multimedia (ESTIMedia), 2012 IEEE 10th Symposium on},
  pages={67--74},
  year={2012},
  organization={IEEE}
}

@inproceedings{fang2011comprehensive,
  title={A comprehensive performance comparison of CUDA and OpenCL},
  author={Fang, Jianbin and Varbanescu, Ana Lucia and Sips, Henk},
  booktitle={Parallel Processing (ICPP), 2011 International Conference on},
  pages={216--225},
  year={2011},
  organization={IEEE}
}

@article{weber2011comparing,
  title={Comparing hardware accelerators in scientific applications: A case study},
  author={Weber, Rick and Gothandaraman, Akila and Hinde, Robert J and Peterson, Gregory D},
  journal={Parallel and Distributed Systems, IEEE Transactions on},
  volume={22},
  number={1},
  pages={58--68},
  year={2011},
  publisher={IEEE}
}

@article{van2011correlating,
  title={Correlating radio astronomy signals with many-core hardware},
  author={van Nieuwpoort, Rob V and Romein, John W},
  journal={International journal of parallel programming},
  volume={39},
  number={1},
  pages={88--114},
  year={2011},
  publisher={Springer}
}

@inproceedings{vassilev2010comparison,
  title={Comparison of several parallel API for cloth modelling on modern GPUs},
  author={Vassilev, Tzvetomir Ivanov},
  booktitle={Proceedings of the 11th International Conference on Computer Systems and Technologies and Workshop for PhD Students in Computing on International Conference on Computer Systems and Technologies},
  pages={131--136},
  year={2010},
  organization={ACM}
}

@inproceedings{amorim2009comparing,
  title={Comparing CUDA and OpenGL implementations for a Jacobi iteration},
  author={Amorim, Ronan and Haase, Gundolf and Liebmann, Manfred and dos Santos, Rodrigo Weber},
  booktitle={High Performance Computing \& Simulation, 2009. HPCS'09. International Conference on},
  pages={22--32},
  year={2009},
  organization={IEEE}
}

@article{karimi2010performance,
  title={A performance comparison of CUDA and OpenCL},
  author={Karimi, Kamran and Dickson, Neil G and Hamze, Firas},
  journal={arXiv preprint arXiv:1005.2581},
  year={2010}
}

@misc{compuBenchMobile,
  author = {Kishonti Ltd.},
  title = {CompuBench Mobile for RenderScript},
  month = Feb,
  year = {2014},
  url = {https://compubench.com/}
}

@inproceedings{shen2012performance,
  title={Performance gaps between OpenMP and OpenCL for multi-core CPUs},
  author={Shen, Jie and Fang, Jianbin and Sips, Henk and Varbanescu, Ana Lucia},
  booktitle={Parallel Processing Workshops (ICPPW), 2012 41st International Conference on},
  pages={116--125},
  year={2012},
  organization={IEEE}
}

@misc{androidblockopenCL,
  author = {Vincent Hindriksen},
  title = {Google blocked OpenCL on Nexus with Android 4.3},
  month = Feb,
  year = {2014},
  url = {http://tinyurl.com/qeeupgr}
}


@misc{googlelockin,
  author = {Ron Amadeo},
  title = { Googleâ€™s iron grip on Android: Controlling open source by any means necessary},
  month = Feb,
  year = {2014},
  url = {http://tinyurl.com/k6gfeaj}
}

@inproceedings{komatsu2010evaluating,
  title={Evaluating performance and portability of OpenCL programs},
  author={Komatsu, Kazuhiko and Sato, Katsuto and Arai, Yusuke and Koyama, Kentaro and Takizawa, Hiroyuki and Kobayashi, Hiroaki},
  booktitle={The fifth international workshop on automatic performance tuning},
  year={2010}
}

@inproceedings{che2009rodinia,
  title={Rodinia: A benchmark suite for heterogeneous computing},
  author={Che, Shuai and Boyer, Michael and Meng, Jiayuan and Tarjan, David and Sheaffer, Jeremy W and Lee, Sang-Ha and Skadron, Kevin},
  booktitle={Workload Characterization, 2009. IISWC 2009. IEEE International Symposium on},
  pages={44--54},
  year={2009},
  organization={IEEE}
}

@inproceedings{dolbeau2013one,
  title={One OpenCL to Rule Them All?},
  author={Dolbeau, Romain and Bodin, Fran{\c{c}}ois and de Verdiere, Guillaume Colin},
  booktitle={Multi-/Many-core Computing Systems (MuCoCoS), 2013 IEEE 6th International Workshop on},
  pages={1--6},
  year={2013},
  organization={IEEE}
}
@article{Parboil,
  title={Parboil: A revised benchmark suite for scientific and commercial throughput computing},
  author={Stratton, John A and Rodrigues, Christopher and Sung, I-Jui and Obeid, Nady and Chang, Li-Wen and Anssari, Nasser and Liu, Geng Daniel and Hwu, W-m},
  journal={Center for Reliable and High-Performance Computing},
  year={2012}
}

@misc{ wiki:Renderscript,
   author = "Wikipedia",
   title = "Renderscript --- {W}ikipedia{,} The Free Encyclopedia",
   year = "2004",
   url = "http://en.wikipedia.org/wiki/Renderscript",
   note = "[Online; accessed 25-February-2014]"
 }

@misc{OpenCL:Android,
   author = "Mali",
   title = "Mali OpenCL SDK",
   year = "2004",
   url = "http://malideveloper.arm.com/develop-for-mali/sdk/mali-opencl-sdk/",
   note = "[Online; accessed 25-February-2014]"
}

@inproceedings{zhang2010accurate,
  title={Accurate online power estimation and automatic battery behavior based power model generation for smartphones},
  author={Zhang, Lide and Tiwana, Birjodh and Qian, Zhiyun and Wang, Zhaoguang and Dick, Robert P and Mao, Zhuoqing Morley and Yang, Lei},
  booktitle={Proceedings of the eighth IEEE/ACM/IFIP international conference on Hardware/software codesign and system synthesis},
  pages={105--114},
  year={2010},
  organization={ACM}
}

@inproceedings{dong2011self,
  title={Self-constructive high-rate system energy modeling for battery-powered mobile systems},
  author={Dong, Mian and Zhong, Lin},
  booktitle={Proceedings of the 9th international conference on Mobile systems, applications, and services},
  pages={335--348},
  year={2011},
  organization={ACM}
}

@misc{profilerqualcomm,
  title={Qualcomm},
  author={Profiler, Trepn}
}

@article{kemp2013using,
  title={Using RenderScript and RCUDA for Compute Intensive tasks on Mobile Devices: a Case Study},
  author={Kemp, Roelof and Palmer, Nicholas and Kielmann, Thilo and Bal, Henri and Aarts, Bastiaan and Ghuloum, Anwar},
  year={2013},
  publisher={hgpu. org}
}

@article{alejandro2014performance,
  title={Performance Analysis of Paralldroid Programs},
  author={Alejandro, Acosta and Almeida, Francisco},
  journal={Annals of Multicore and GPU Programming},
  volume={1},
  number={1},
  year={2014}
}
